@inproceedings{BarreBrisebois2019,
  title={Hybrid Rendering for Real-Time Ray Tracing},
  author={Barr\'e-Brisebois, Colin and Hal\'en, Henrik and Wihlidal, Graham and Lauritzen, Andrew and Bekkers, Jasper and Stachowiak, Tomasz and Andersson, Johan},
  booktitle={Ray Tracing Gems},
  publisher={Apress},
  year={2019},
  pages={465--492},
  chapter = {25},
  editor = {Haines, Eric and Akenine-MÃ¶ller, Tomas},
  license = {Creative Commons Attribution 4.0 International License (CC-BY-NC-ND)},
  url = {https://raytracinggems.com}
}
@inproceedings{Tan2020a,
  title={Hybrid DoF: Ray-Traced and Post-Processed Hybrid Depth of Field Effect for Real-Time Rendering},
  author={Tan, Yu Wei and Chua, Nicholas and Biette, Nathan and Bhojan, Anand},
  booktitle={ACM SIGGRAPH 2020 Posters},
  year={2020},
  publisher={ACM},
  series = {SIGGRAPH '20}
}
@article{Kuznetsov2024,
  title={Hybrid Rendering for Dynamic Scenes},
  author={Kuznetsov, Alexandr and Diolatzis, Stavros and Sochenov, Anton and Kaplanyan, Anton},
  year={2024},
  eprint={2406.07906},
  archivePrefix={arXiv},
  primaryClass={cs.GR}
}